LDR    02731cjm a22006494i 4500
001    000000021
003    FI-MELINDA
005    20210826124448.0
007    sd|f||g|||m|||
008    121019s2012    fi zznn  z        | zxx| 
024 3  ‡a6430037170096
028 01 ‡bSibarecords‡aSACD-1009
033 00 ‡a2011----
035    ‡a(FI-MELINDA)000000021
080    ‡a294.55
080    ‡a929 Bhaktivedanta
084    ‡a78.66‡2ykl
100 1  ‡aRantanen, Matti,‡d1952-‡eesittäjä.
245 10 ‡aMissa brevis :‡bA mass for accordion /‡cMatti Rantanen, accordion.
260    ‡a[Helsinki] :‡bSibarecords,‡c℗ 2012.
300    ‡a1 CD-äänilevy (53'42) +‡etekstiliite (12 s.)
336    ‡aesitetty musiikki‡bprm‡2rdacontent
337    ‡aaudio‡bs‡2rdamedia
338    ‡aäänilevy‡bsd‡2rdacarrier
370    ‡81\u‡gSuomi‡2yso/fin‡0http://www.yso.fi/onto/yso/p94426
370    ‡81\u‡gFinland‡2yso/swe‡0http://www.yso.fi/onto/yso/p94426
382 11 ‡81\u‡aharmonikka‡2seko
382 11 ‡82\u‡aharmonikka‡2seko
382 11 ‡83\u‡aharmonikka‡2seko
388    ‡81\u‡a2010-luku‡2yso/fin
500    ‡aHybridi SACD -levy, stereo / monikanavaääni; toistettavissa myös CD-soittimella.
500    ‡aInstrumentaaliesitys.
505 0  ‡aSonata n:o VII: Largo (Pater, in manus tuas commendo spiritum meum- Isä, sinun käsiisi minä annan henkeni) ; Missa brevis for accordion ; Adagio in B minor, KV 540 ; Hymns of Zion for cello and accordion ; Hug ; Chorale prelude.
511 0  ‡aRantanen, Matti (harmonikka). Ylönen, Marko (sello).
518    ‡aÄänitys: 2011, Nummi, Nummen kirkko.
520 2  ‡a6 teosta.
600 04 ‡aBhaktivedanta, A. C.
650  7 ‡aKrishna Consciousness Movement‡xbiography‡2atla
650  7 ‡areligious movements, popular‡2atla
650  7 ‡aasiasana3
655  7 ‡82\u‡ahengellinen musiikki‡2slm/fin‡0http://urn.fi/URN:NBN:fi:au:slm:s1139
655  7 ‡83\u‡ataidemusiikki‡2slm/fin‡0http://urn.fi/URN:NBN:fi:au:slm:s474
655  7 ‡82\u‡aandlig musik‡2slm/swe‡0http://urn.fi/URN:NBN:fi:au:slm:s1139
655  7 ‡83\u‡akonstmusik‡2slm/swe‡0http://urn.fi/URN:NBN:fi:au:slm:s474
700 1  ‡aYlönen, Marko,‡d1966-‡eesittäjä.
850    ‡aFI-NLD‡aFI-Gmc
SID    ‡c22‡balma
SID    ‡c1122808‡bgmc
CAT    ‡aCONV-ISBD‡bundefined‡c20120401‡lFIN01‡h2007
CAT    ‡aCONV-RDA‡bundefined‡c20160319‡lFIN01‡h0811
CAT    ‡aLOAD-GMC‡b20‡c20190205‡lFIN01‡h1140
CAT    ‡aLOAD-YSO‡b00‡c20190708‡lFIN01‡h1831
CAT    ‡aMINTTU‡bundefined‡c20210722‡lFIN01‡h1130
CAT    ‡aMINTTU‡bundefined‡c20210723‡lFIN01‡h1658
CAT    ‡aMINTTU‡bundefined‡c20210723‡lFIN01‡h1705
CAT    ‡aLOAD-ALINK‡bundefined‡c20210826‡lFIN01‡h1244
LOW    ‡aALMA
LOW    ‡aGMC
